%YAML 1.1
%TAG !u! tag:unity3d.com,2011:
--- !u!29 &1
OcclusionCullingSettings:
  m_ObjectHideFlags: 0
  serializedVersion: 2
  m_OcclusionBakeSettings:
    smallestOccluder: 5
    smallestHole: 0.25
    backfaceThreshold: 100
  m_SceneGUID: 00000000000000000000000000000000
  m_OcclusionCullingData: {fileID: 0}
--- !u!104 &2
RenderSettings:
  m_ObjectHideFlags: 0
  serializedVersion: 9
  m_Fog: 0
  m_FogColor: {r: 0.5, g: 0.5, b: 0.5, a: 1}
  m_FogMode: 3
  m_FogDensity: 0.01
  m_LinearFogStart: 0
  m_LinearFogEnd: 300
  m_AmbientSkyColor: {r: 0.212, g: 0.227, b: 0.259, a: 1}
  m_AmbientEquatorColor: {r: 0.114, g: 0.125, b: 0.133, a: 1}
  m_AmbientGroundColor: {r: 0.047, g: 0.043, b: 0.035, a: 1}
  m_AmbientIntensity: 1
  m_AmbientMode: 0
  m_SubtractiveShadowColor: {r: 0.42, g: 0.478, b: 0.627, a: 1}
  m_SkyboxMaterial: {fileID: 10304, guid: 0000000000000000f000000000000000, type: 0}
  m_HaloStrength: 0.5
  m_FlareStrength: 1
  m_FlareFadeSpeed: 3
  m_HaloTexture: {fileID: 0}
  m_SpotCookie: {fileID: 10001, guid: 0000000000000000e000000000000000, type: 0}
  m_DefaultReflectionMode: 0
  m_DefaultReflectionResolution: 128
  m_ReflectionBounces: 1
  m_ReflectionIntensity: 1
  m_CustomReflection: {fileID: 0}
  m_Sun: {fileID: 0}
  m_IndirectSpecularColor: {r: 0.44657898, g: 0.4964133, b: 0.5748178, a: 1}
  m_UseRadianceAmbientProbe: 0
--- !u!157 &3
LightmapSettings:
  m_ObjectHideFlags: 0
  serializedVersion: 11
  m_GIWorkflowMode: 0
  m_GISettings:
    serializedVersion: 2
    m_BounceScale: 1
    m_IndirectOutputScale: 1
    m_AlbedoBoost: 1
    m_TemporalCoherenceThreshold: 1
    m_EnvironmentLightingMode: 0
    m_EnableBakedLightmaps: 1
    m_EnableRealtimeLightmaps: 1
  m_LightmapEditorSettings:
    serializedVersion: 10
    m_Resolution: 2
    m_BakeResolution: 40
    m_AtlasSize: 1024
    m_AO: 0
    m_AOMaxDistance: 1
    m_CompAOExponent: 1
    m_CompAOExponentDirect: 0
    m_Padding: 2
    m_LightmapParameters: {fileID: 0}
    m_LightmapsBakeMode: 1
    m_TextureCompression: 1
    m_FinalGather: 0
    m_FinalGatherFiltering: 1
    m_FinalGatherRayCount: 256
    m_ReflectionCompression: 2
    m_MixedBakeMode: 2
    m_BakeBackend: 1
    m_PVRSampling: 1
    m_PVRDirectSampleCount: 32
    m_PVRSampleCount: 500
    m_PVRBounces: 2
    m_PVRFilterTypeDirect: 0
    m_PVRFilterTypeIndirect: 0
    m_PVRFilterTypeAO: 0
    m_PVRFilteringMode: 1
    m_PVRCulling: 1
    m_PVRFilteringGaussRadiusDirect: 1
    m_PVRFilteringGaussRadiusIndirect: 5
    m_PVRFilteringGaussRadiusAO: 2
    m_PVRFilteringAtrousPositionSigmaDirect: 0.5
    m_PVRFilteringAtrousPositionSigmaIndirect: 2
    m_PVRFilteringAtrousPositionSigmaAO: 1
    m_ShowResolutionOverlay: 1
  m_LightingDataAsset: {fileID: 0}
  m_UseShadowmask: 1
--- !u!196 &4
NavMeshSettings:
  serializedVersion: 2
  m_ObjectHideFlags: 0
  m_BuildSettings:
    serializedVersion: 2
    agentTypeID: 0
    agentRadius: 0.5
    agentHeight: 2
    agentSlope: 45
    agentClimb: 0.4
    ledgeDropHeight: 0
    maxJumpAcrossDistance: 0
    minRegionArea: 2
    manualCellSize: 0
    cellSize: 0.16666667
    manualTileSize: 0
    tileSize: 256
    accuratePlacement: 0
    debug:
      m_Flags: 0
  m_NavMeshData: {fileID: 0}
--- !u!1 &17524281
GameObject:
  m_ObjectHideFlags: 0
  m_CorrespondingSourceObject: {fileID: 100000, guid: 34d1e98fa911c7c47a7f318e1d74f6ee,
    type: 3}
  m_PrefabInternal: {fileID: 0}
  serializedVersion: 6
  m_Component:
  - component: {fileID: 17524282}
  m_Layer: 0
  m_Name: BaseIsland
  m_TagString: Untagged
  m_Icon: {fileID: 0}
  m_NavMeshLayer: 0
  m_StaticEditorFlags: 0
  m_IsActive: 1
--- !u!4 &17524282
Transform:
  m_ObjectHideFlags: 0
  m_CorrespondingSourceObject: {fileID: 400000, guid: 34d1e98fa911c7c47a7f318e1d74f6ee,
    type: 3}
  m_PrefabInternal: {fileID: 0}
  m_GameObject: {fileID: 17524281}
  m_LocalRotation: {x: 0, y: 0, z: 0, w: 1}
  m_LocalPosition: {x: 35.169052, y: 4.115611, z: 7.962996}
  m_LocalScale: {x: 1, y: 1, z: 1}
  m_Children:
  - {fileID: 696370028}
  - {fileID: 559977306}
  m_Father: {fileID: 0}
  m_RootOrder: 3
  m_LocalEulerAnglesHint: {x: 0, y: 0, z: 0}
--- !u!1 &46268453 stripped
GameObject:
  m_CorrespondingSourceObject: {fileID: 1759438547750792, guid: 3b2bb4b5f653e7449b45b518a6b6af3e,
    type: 2}
  m_PrefabInternal: {fileID: 1879323406}
--- !u!4 &94245019 stripped
Transform:
  m_CorrespondingSourceObject: {fileID: 400000, guid: 34d1e98fa911c7c47a7f318e1d74f6ee,
    type: 3}
  m_PrefabInternal: {fileID: 481214277}
--- !u!1 &204715000
GameObject:
  m_ObjectHideFlags: 0
  m_CorrespondingSourceObject: {fileID: 0}
  m_PrefabInternal: {fileID: 0}
  serializedVersion: 6
  m_Component:
  - component: {fileID: 204715004}
  - component: {fileID: 204715003}
  - component: {fileID: 204715002}
  - component: {fileID: 204715001}
  m_Layer: 0
  m_Name: Plane (2)
  m_TagString: Untagged
  m_Icon: {fileID: 0}
  m_NavMeshLayer: 0
  m_StaticEditorFlags: 0
  m_IsActive: 1
--- !u!64 &204715001
MeshCollider:
  m_ObjectHideFlags: 0
  m_CorrespondingSourceObject: {fileID: 0}
  m_PrefabInternal: {fileID: 0}
  m_GameObject: {fileID: 204715000}
  m_Material: {fileID: 0}
  m_IsTrigger: 0
  m_Enabled: 1
  serializedVersion: 3
  m_Convex: 0
  m_CookingOptions: 14
  m_SkinWidth: 0.01
  m_Mesh: {fileID: 10209, guid: 0000000000000000e000000000000000, type: 0}
--- !u!23 &204715002
MeshRenderer:
  m_ObjectHideFlags: 0
  m_CorrespondingSourceObject: {fileID: 0}
  m_PrefabInternal: {fileID: 0}
  m_GameObject: {fileID: 204715000}
  m_Enabled: 0
  m_CastShadows: 1
  m_ReceiveShadows: 1
  m_DynamicOccludee: 1
  m_MotionVectors: 1
  m_LightProbeUsage: 1
  m_ReflectionProbeUsage: 1
  m_RenderingLayerMask: 4294967295
  m_Materials:
  - {fileID: 10303, guid: 0000000000000000f000000000000000, type: 0}
  m_StaticBatchInfo:
    firstSubMesh: 0
    subMeshCount: 0
  m_StaticBatchRoot: {fileID: 0}
  m_ProbeAnchor: {fileID: 0}
  m_LightProbeVolumeOverride: {fileID: 0}
  m_ScaleInLightmap: 1
  m_PreserveUVs: 0
  m_IgnoreNormalsForChartDetection: 0
  m_ImportantGI: 0
  m_StitchLightmapSeams: 0
  m_SelectedEditorRenderState: 3
  m_MinimumChartSize: 4
  m_AutoUVMaxDistance: 0.5
  m_AutoUVMaxAngle: 89
  m_LightmapParameters: {fileID: 0}
  m_SortingLayerID: 0
  m_SortingLayer: 0
  m_SortingOrder: 0
--- !u!33 &204715003
MeshFilter:
  m_ObjectHideFlags: 0
  m_CorrespondingSourceObject: {fileID: 0}
  m_PrefabInternal: {fileID: 0}
  m_GameObject: {fileID: 204715000}
  m_Mesh: {fileID: 10209, guid: 0000000000000000e000000000000000, type: 0}
--- !u!4 &204715004
Transform:
  m_ObjectHideFlags: 0
  m_CorrespondingSourceObject: {fileID: 0}
  m_PrefabInternal: {fileID: 0}
  m_GameObject: {fileID: 204715000}
  m_LocalRotation: {x: -0, y: 0.00000008940697, z: 0.95549, w: 0.2950237}
  m_LocalPosition: {x: 8.03, y: 67.1, z: 0.0000039904}
  m_LocalScale: {x: 7.350522, y: 1, z: 2.9327}
  m_Children:
  - {fileID: 1708004233}
  m_Father: {fileID: 1388275743}
  m_RootOrder: 2
  m_LocalEulerAnglesHint: {x: 0, y: 0, z: 145.682}
--- !u!1 &299737915
GameObject:
  m_ObjectHideFlags: 0
  m_CorrespondingSourceObject: {fileID: 0}
  m_PrefabInternal: {fileID: 0}
  serializedVersion: 6
  m_Component:
  - component: {fileID: 299737916}
  m_Layer: 0
  m_Name: RedReference
  m_TagString: Untagged
  m_Icon: {fileID: 0}
  m_NavMeshLayer: 0
  m_StaticEditorFlags: 0
  m_IsActive: 1
--- !u!4 &299737916
Transform:
  m_ObjectHideFlags: 0
  m_CorrespondingSourceObject: {fileID: 0}
  m_PrefabInternal: {fileID: 0}
  m_GameObject: {fileID: 299737915}
  m_LocalRotation: {x: -0, y: -0, z: -0, w: 1}
  m_LocalPosition: {x: -1.3100001, y: -0.24400002, z: -0.083}
  m_LocalScale: {x: 1, y: 1, z: 1.082755}
  m_Children: []
  m_Father: {fileID: 1913025574}
  m_RootOrder: 0
  m_LocalEulerAnglesHint: {x: 0, y: 0, z: 0}
--- !u!1 &357450193
GameObject:
  m_ObjectHideFlags: 0
  m_CorrespondingSourceObject: {fileID: 0}
  m_PrefabInternal: {fileID: 0}
  serializedVersion: 6
  m_Component:
  - component: {fileID: 357450194}
  m_Layer: 0
  m_Name: GreenReference
  m_TagString: Untagged
  m_Icon: {fileID: 0}
  m_NavMeshLayer: 0
  m_StaticEditorFlags: 0
  m_IsActive: 1
--- !u!4 &357450194
Transform:
  m_ObjectHideFlags: 0
  m_CorrespondingSourceObject: {fileID: 0}
  m_PrefabInternal: {fileID: 0}
  m_GameObject: {fileID: 357450193}
  m_LocalRotation: {x: 0, y: 0, z: 0, w: 1}
  m_LocalPosition: {x: -1.31, y: -0.244, z: -0.134}
  m_LocalScale: {x: 1, y: 1, z: 1}
  m_Children: []
  m_Father: {fileID: 1672683612}
  m_RootOrder: 0
  m_LocalEulerAnglesHint: {x: 0, y: 0, z: 0}
--- !u!1 &400379070
GameObject:
  m_ObjectHideFlags: 0
  m_CorrespondingSourceObject: {fileID: 0}
  m_PrefabInternal: {fileID: 0}
  serializedVersion: 6
  m_Component:
  - component: {fileID: 400379074}
  - component: {fileID: 400379073}
  - component: {fileID: 400379072}
  - component: {fileID: 400379071}
  m_Layer: 0
  m_Name: Plane
  m_TagString: Floor
  m_Icon: {fileID: 0}
  m_NavMeshLayer: 0
  m_StaticEditorFlags: 0
  m_IsActive: 1
--- !u!64 &400379071
MeshCollider:
  m_ObjectHideFlags: 0
  m_CorrespondingSourceObject: {fileID: 0}
  m_PrefabInternal: {fileID: 0}
  m_GameObject: {fileID: 400379070}
  m_Material: {fileID: 0}
  m_IsTrigger: 0
  m_Enabled: 1
  serializedVersion: 3
  m_Convex: 0
  m_CookingOptions: 14
  m_SkinWidth: 0.01
  m_Mesh: {fileID: 10209, guid: 0000000000000000e000000000000000, type: 0}
--- !u!23 &400379072
MeshRenderer:
  m_ObjectHideFlags: 0
  m_CorrespondingSourceObject: {fileID: 0}
  m_PrefabInternal: {fileID: 0}
  m_GameObject: {fileID: 400379070}
  m_Enabled: 0
  m_CastShadows: 1
  m_ReceiveShadows: 1
  m_DynamicOccludee: 1
  m_MotionVectors: 1
  m_LightProbeUsage: 1
  m_ReflectionProbeUsage: 1
  m_RenderingLayerMask: 4294967295
  m_Materials:
  - {fileID: 10303, guid: 0000000000000000f000000000000000, type: 0}
  m_StaticBatchInfo:
    firstSubMesh: 0
    subMeshCount: 0
  m_StaticBatchRoot: {fileID: 0}
  m_ProbeAnchor: {fileID: 0}
  m_LightProbeVolumeOverride: {fileID: 0}
  m_ScaleInLightmap: 1
  m_PreserveUVs: 0
  m_IgnoreNormalsForChartDetection: 0
  m_ImportantGI: 0
  m_StitchLightmapSeams: 0
  m_SelectedEditorRenderState: 3
  m_MinimumChartSize: 4
  m_AutoUVMaxDistance: 0.5
  m_AutoUVMaxAngle: 89
  m_LightmapParameters: {fileID: 0}
  m_SortingLayerID: 0
  m_SortingLayer: 0
  m_SortingOrder: 0
--- !u!33 &400379073
MeshFilter:
  m_ObjectHideFlags: 0
  m_CorrespondingSourceObject: {fileID: 0}
  m_PrefabInternal: {fileID: 0}
  m_GameObject: {fileID: 400379070}
  m_Mesh: {fileID: 10209, guid: 0000000000000000e000000000000000, type: 0}
--- !u!4 &400379074
Transform:
  m_ObjectHideFlags: 0
  m_CorrespondingSourceObject: {fileID: 0}
  m_PrefabInternal: {fileID: 0}
  m_GameObject: {fileID: 400379070}
  m_LocalRotation: {x: 0.7071068, y: -0, z: 0, w: 0.7071068}
  m_LocalPosition: {x: 4.83, y: 21.25, z: -4.5538}
  m_LocalScale: {x: 2.0953, y: 0.2324554, z: 7.540372}
  m_Children:
  - {fileID: 1276672184}
  m_Father: {fileID: 1388275743}
  m_RootOrder: 0
  m_LocalEulerAnglesHint: {x: 0, y: 0, z: 0}
--- !u!1001 &481214277
Prefab:
  m_ObjectHideFlags: 0
  serializedVersion: 2
  m_Modification:
    m_TransformParent: {fileID: 1388275743}
    m_Modifications:
    - target: {fileID: 400000, guid: 34d1e98fa911c7c47a7f318e1d74f6ee, type: 3}
      propertyPath: m_LocalPosition.x
      value: 12.42
      objectReference: {fileID: 0}
    - target: {fileID: 400000, guid: 34d1e98fa911c7c47a7f318e1d74f6ee, type: 3}
      propertyPath: m_LocalPosition.y
      value: -0
      objectReference: {fileID: 0}
    - target: {fileID: 400000, guid: 34d1e98fa911c7c47a7f318e1d74f6ee, type: 3}
      propertyPath: m_LocalPosition.z
      value: -15.33
      objectReference: {fileID: 0}
    - target: {fileID: 400000, guid: 34d1e98fa911c7c47a7f318e1d74f6ee, type: 3}
      propertyPath: m_LocalRotation.x
      value: -0
      objectReference: {fileID: 0}
    - target: {fileID: 400000, guid: 34d1e98fa911c7c47a7f318e1d74f6ee, type: 3}
      propertyPath: m_LocalRotation.y
      value: 0.7071068
      objectReference: {fileID: 0}
    - target: {fileID: 400000, guid: 34d1e98fa911c7c47a7f318e1d74f6ee, type: 3}
      propertyPath: m_LocalRotation.z
      value: 0.7071068
      objectReference: {fileID: 0}
    - target: {fileID: 400000, guid: 34d1e98fa911c7c47a7f318e1d74f6ee, type: 3}
      propertyPath: m_LocalRotation.w
      value: 0
      objectReference: {fileID: 0}
    - target: {fileID: 400000, guid: 34d1e98fa911c7c47a7f318e1d74f6ee, type: 3}
      propertyPath: m_RootOrder
      value: 6
      objectReference: {fileID: 0}
    - target: {fileID: 100000, guid: 34d1e98fa911c7c47a7f318e1d74f6ee, type: 3}
      propertyPath: m_Name
      value: BaseIsland (1)
      objectReference: {fileID: 0}
    - target: {fileID: 400000, guid: 34d1e98fa911c7c47a7f318e1d74f6ee, type: 3}
      propertyPath: m_LocalEulerAnglesHint.y
      value: 180
      objectReference: {fileID: 0}
    - target: {fileID: 400000, guid: 34d1e98fa911c7c47a7f318e1d74f6ee, type: 3}
      propertyPath: m_LocalScale.x
      value: 4.2168927
      objectReference: {fileID: 0}
    - target: {fileID: 400000, guid: 34d1e98fa911c7c47a7f318e1d74f6ee, type: 3}
      propertyPath: m_LocalScale.y
      value: 4.9475613
      objectReference: {fileID: 0}
    - target: {fileID: 400000, guid: 34d1e98fa911c7c47a7f318e1d74f6ee, type: 3}
      propertyPath: m_LocalScale.z
      value: 21.28392
      objectReference: {fileID: 0}
    - target: {fileID: 400004, guid: 34d1e98fa911c7c47a7f318e1d74f6ee, type: 3}
      propertyPath: m_LocalScale.x
      value: 0.57787
      objectReference: {fileID: 0}
    - target: {fileID: 400004, guid: 34d1e98fa911c7c47a7f318e1d74f6ee, type: 3}
      propertyPath: m_LocalScale.y
      value: 0.57787
      objectReference: {fileID: 0}
    - target: {fileID: 400004, guid: 34d1e98fa911c7c47a7f318e1d74f6ee, type: 3}
      propertyPath: m_LocalScale.z
      value: 0.57787
      objectReference: {fileID: 0}
    - target: {fileID: 400004, guid: 34d1e98fa911c7c47a7f318e1d74f6ee, type: 3}
      propertyPath: m_LocalPosition.y
      value: 3.84
      objectReference: {fileID: 0}
    - target: {fileID: 400004, guid: 34d1e98fa911c7c47a7f318e1d74f6ee, type: 3}
      propertyPath: m_LocalPosition.z
      value: 1.66
      objectReference: {fileID: 0}
    - target: {fileID: 400004, guid: 34d1e98fa911c7c47a7f318e1d74f6ee, type: 3}
      propertyPath: m_LocalPosition.x
      value: -2.23
      objectReference: {fileID: 0}
    m_RemovedComponents: []
  m_SourcePrefab: {fileID: 100100000, guid: 34d1e98fa911c7c47a7f318e1d74f6ee, type: 3}
  m_IsPrefabAsset: 0
--- !u!1 &519973829
GameObject:
  m_ObjectHideFlags: 0
  m_CorrespondingSourceObject: {fileID: 0}
  m_PrefabInternal: {fileID: 0}
  serializedVersion: 6
  m_Component:
  - component: {fileID: 519973832}
  - component: {fileID: 519973831}
  - component: {fileID: 519973830}
  m_Layer: 0
  m_Name: BumpTheFuckUp_Blue
  m_TagString: Untagged
  m_Icon: {fileID: 0}
  m_NavMeshLayer: 0
  m_StaticEditorFlags: 0
  m_IsActive: 1
--- !u!114 &519973830
MonoBehaviour:
  m_ObjectHideFlags: 0
  m_CorrespondingSourceObject: {fileID: 0}
  m_PrefabInternal: {fileID: 0}
  m_GameObject: {fileID: 519973829}
  m_Enabled: 1
  m_EditorHideFlags: 0
  m_Script: {fileID: 11500000, guid: bb59231e62b5dc843999bd80c9712f24, type: 3}
  m_Name: 
  m_EditorClassIdentifier: 
  torqueMax: 100
  upForce: 10
  timeToMove: 1
  foodType: 2
  pointsToLoseWhenMissType: 20
  popUp: {fileID: 1004776455517962, guid: 2345ff9753991dc44b6faff428197f7f, type: 2}
  color: {r: 0, g: 0, b: 1, a: 1}
  birdsChildren:
  - {fileID: 1614336284}
  - {fileID: 1614336283}
  - {fileID: 1614336282}
  currentContainer: {fileID: 1614336281}
  transformationParticles: {fileID: 1965343156803978, guid: aa8d6482d70a23445b4b2a928ed1b845,
    type: 2}
  particleScale: {x: 20, y: 20, z: 20}
--- !u!65 &519973831
BoxCollider:
  m_ObjectHideFlags: 0
  m_CorrespondingSourceObject: {fileID: 0}
  m_PrefabInternal: {fileID: 0}
  m_GameObject: {fileID: 519973829}
  m_Material: {fileID: 0}
  m_IsTrigger: 1
  m_Enabled: 1
  serializedVersion: 2
  m_Size: {x: 1, y: 1, z: 1}
  m_Center: {x: 0, y: 0, z: 0}
--- !u!4 &519973832
Transform:
  m_ObjectHideFlags: 0
  m_CorrespondingSourceObject: {fileID: 0}
  m_PrefabInternal: {fileID: 0}
  m_GameObject: {fileID: 519973829}
  m_LocalRotation: {x: 0, y: 0, z: 0, w: 1}
  m_LocalPosition: {x: 64.78, y: 19.050003, z: -35.2}
  m_LocalScale: {x: 2.9033716, y: 46.47, z: 26.743895}
  m_Children:
  - {fileID: 915019052}
  m_Father: {fileID: 0}
  m_RootOrder: 12
  m_LocalEulerAnglesHint: {x: 0, y: 0, z: 0}
--- !u!1 &546468495
GameObject:
  m_ObjectHideFlags: 0
  m_CorrespondingSourceObject: {fileID: 0}
  m_PrefabInternal: {fileID: 0}
  serializedVersion: 6
  m_Component:
  - component: {fileID: 546468496}
  - component: {fileID: 546468500}
  - component: {fileID: 546468499}
  - component: {fileID: 546468498}
  - component: {fileID: 546468497}
  m_Layer: 0
  m_Name: Ocean
  m_TagString: Floor
  m_Icon: {fileID: 0}
  m_NavMeshLayer: 0
  m_StaticEditorFlags: 0
  m_IsActive: 1
--- !u!4 &546468496
Transform:
  m_ObjectHideFlags: 0
  m_CorrespondingSourceObject: {fileID: 0}
  m_PrefabInternal: {fileID: 0}
  m_GameObject: {fileID: 546468495}
  m_LocalRotation: {x: 0.7071068, y: -0, z: -0, w: 0.7071068}
  m_LocalPosition: {x: 4.83, y: -0, z: -6.36}
  m_LocalScale: {x: 500, y: 500, z: 500}
  m_Children:
  - {fileID: 979337238}
  m_Father: {fileID: 1388275743}
  m_RootOrder: 7
  m_LocalEulerAnglesHint: {x: 0, y: 0, z: 0}
--- !u!114 &546468497
MonoBehaviour:
  m_ObjectHideFlags: 0
  m_CorrespondingSourceObject: {fileID: 0}
  m_PrefabInternal: {fileID: 0}
  m_GameObject: {fileID: 546468495}
  m_Enabled: 1
  m_EditorHideFlags: 0
  m_Script: {fileID: 11500000, guid: 8bbf51bd5a90f1f49b5bcab0a812079f, type: 3}
  m_Name: 
  m_EditorClassIdentifier: 
  waterPositions:
  - {x: 4.83, y: 0, z: -6}
  - {x: 4.83, y: 0, z: -7.12}
  - {x: 4.83, y: 0, z: -5.8}
  - {x: 4.83, y: 0, z: -7.79}
  - {x: 4.83, y: 0, z: -5.55}
  lerpDuration: 1
--- !u!64 &546468498
MeshCollider:
  m_ObjectHideFlags: 0
  m_CorrespondingSourceObject: {fileID: 0}
  m_PrefabInternal: {fileID: 0}
  m_GameObject: {fileID: 546468495}
  m_Material: {fileID: 0}
  m_IsTrigger: 1
  m_Enabled: 0
  serializedVersion: 3
  m_Convex: 1
  m_CookingOptions: 14
  m_SkinWidth: 0.01
  m_Mesh: {fileID: 10209, guid: 0000000000000000e000000000000000, type: 0}
--- !u!23 &546468499
MeshRenderer:
  m_ObjectHideFlags: 0
  m_CorrespondingSourceObject: {fileID: 0}
  m_PrefabInternal: {fileID: 0}
  m_GameObject: {fileID: 546468495}
  m_Enabled: 1
  m_CastShadows: 1
  m_ReceiveShadows: 1
  m_DynamicOccludee: 1
  m_MotionVectors: 1
  m_LightProbeUsage: 1
  m_ReflectionProbeUsage: 1
  m_RenderingLayerMask: 4294967295
  m_Materials:
  - {fileID: 2100000, guid: 24047df90895a31419884e9746dedcb8, type: 2}
  m_StaticBatchInfo:
    firstSubMesh: 0
    subMeshCount: 0
  m_StaticBatchRoot: {fileID: 0}
  m_ProbeAnchor: {fileID: 0}
  m_LightProbeVolumeOverride: {fileID: 0}
  m_ScaleInLightmap: 1
  m_PreserveUVs: 0
  m_IgnoreNormalsForChartDetection: 0
  m_ImportantGI: 0
  m_StitchLightmapSeams: 0
  m_SelectedEditorRenderState: 3
  m_MinimumChartSize: 4
  m_AutoUVMaxDistance: 0.5
  m_AutoUVMaxAngle: 89
  m_LightmapParameters: {fileID: 0}
  m_SortingLayerID: 0
  m_SortingLayer: 0
  m_SortingOrder: 0
--- !u!33 &546468500
MeshFilter:
  m_ObjectHideFlags: 0
  m_CorrespondingSourceObject: {fileID: 0}
  m_PrefabInternal: {fileID: 0}
  m_GameObject: {fileID: 546468495}
  m_Mesh: {fileID: 10209, guid: 0000000000000000e000000000000000, type: 0}
--- !u!1 &559977305
GameObject:
  m_ObjectHideFlags: 0
  m_CorrespondingSourceObject: {fileID: 100006, guid: 34d1e98fa911c7c47a7f318e1d74f6ee,
    type: 3}
  m_PrefabInternal: {fileID: 0}
  serializedVersion: 6
  m_Component:
  - component: {fileID: 559977306}
  m_Layer: 0
  m_Name: IlhaBase
  m_TagString: Untagged
  m_Icon: {fileID: 0}
  m_NavMeshLayer: 0
  m_StaticEditorFlags: 0
  m_IsActive: 1
--- !u!4 &559977306
Transform:
  m_ObjectHideFlags: 0
  m_CorrespondingSourceObject: {fileID: 400006, guid: 34d1e98fa911c7c47a7f318e1d74f6ee,
    type: 3}
  m_PrefabInternal: {fileID: 0}
  m_GameObject: {fileID: 559977305}
  m_LocalRotation: {x: -0.7071068, y: 0, z: -0, w: 0.7071068}
  m_LocalPosition: {x: -0, y: 0, z: 0}
  m_LocalScale: {x: 1, y: 1, z: 1}
  m_Children:
  - {fileID: 1207160160}
  m_Father: {fileID: 17524282}
  m_RootOrder: 1
  m_LocalEulerAnglesHint: {x: 0, y: 0, z: 0}
--- !u!1001 &684865467
Prefab:
  m_ObjectHideFlags: 0
  serializedVersion: 2
  m_Modification:
    m_TransformParent: {fileID: 0}
    m_Modifications:
    - target: {fileID: 4376708376544924, guid: 8099e862d610bc743bb40178e5b1860b, type: 2}
      propertyPath: m_LocalPosition.x
      value: -2.93052
      objectReference: {fileID: 0}
    - target: {fileID: 4376708376544924, guid: 8099e862d610bc743bb40178e5b1860b, type: 2}
      propertyPath: m_LocalPosition.y
      value: 0.40600002
      objectReference: {fileID: 0}
    - target: {fileID: 4376708376544924, guid: 8099e862d610bc743bb40178e5b1860b, type: 2}
      propertyPath: m_LocalPosition.z
      value: -4.5307636
      objectReference: {fileID: 0}
    - target: {fileID: 4376708376544924, guid: 8099e862d610bc743bb40178e5b1860b, type: 2}
      propertyPath: m_LocalRotation.x
      value: -0
      objectReference: {fileID: 0}
    - target: {fileID: 4376708376544924, guid: 8099e862d610bc743bb40178e5b1860b, type: 2}
      propertyPath: m_LocalRotation.y
      value: 0.7234151
      objectReference: {fileID: 0}
    - target: {fileID: 4376708376544924, guid: 8099e862d610bc743bb40178e5b1860b, type: 2}
      propertyPath: m_LocalRotation.z
      value: -0
      objectReference: {fileID: 0}
    - target: {fileID: 4376708376544924, guid: 8099e862d610bc743bb40178e5b1860b, type: 2}
      propertyPath: m_LocalRotation.w
      value: 0.6904134
      objectReference: {fileID: 0}
    - target: {fileID: 4376708376544924, guid: 8099e862d610bc743bb40178e5b1860b, type: 2}
      propertyPath: m_RootOrder
      value: 2
      objectReference: {fileID: 0}
    - target: {fileID: 4484612293407454, guid: 8099e862d610bc743bb40178e5b1860b, type: 2}
      propertyPath: m_LocalRotation.z
      value: 0
      objectReference: {fileID: 0}
    - target: {fileID: 4484612293407454, guid: 8099e862d610bc743bb40178e5b1860b, type: 2}
      propertyPath: m_LocalRotation.w
      value: 1
      objectReference: {fileID: 0}
    - target: {fileID: 4484612293407454, guid: 8099e862d610bc743bb40178e5b1860b, type: 2}
      propertyPath: m_LocalEulerAnglesHint.z
      value: 0
      objectReference: {fileID: 0}
    - target: {fileID: 4376708376544924, guid: 8099e862d610bc743bb40178e5b1860b, type: 2}
      propertyPath: m_LocalEulerAnglesHint.y
      value: 92.674
      objectReference: {fileID: 0}
    - target: {fileID: 4484612293407454, guid: 8099e862d610bc743bb40178e5b1860b, type: 2}
      propertyPath: m_LocalRotation.x
      value: 0
      objectReference: {fileID: 0}
    - target: {fileID: 4484612293407454, guid: 8099e862d610bc743bb40178e5b1860b, type: 2}
      propertyPath: m_LocalRotation.y
      value: 0
      objectReference: {fileID: 0}
    - target: {fileID: 4484612293407454, guid: 8099e862d610bc743bb40178e5b1860b, type: 2}
      propertyPath: m_LocalPosition.x
      value: -0.0000005364418
      objectReference: {fileID: 0}
    - target: {fileID: 4484612293407454, guid: 8099e862d610bc743bb40178e5b1860b, type: 2}
      propertyPath: m_LocalPosition.z
      value: 2.7599967
      objectReference: {fileID: 0}
    - target: {fileID: 4484612293407454, guid: 8099e862d610bc743bb40178e5b1860b, type: 2}
      propertyPath: m_LocalEulerAnglesHint.x
      value: 0
      objectReference: {fileID: 0}
    - target: {fileID: 4484612293407454, guid: 8099e862d610bc743bb40178e5b1860b, type: 2}
      propertyPath: m_LocalEulerAnglesHint.y
      value: 0
      objectReference: {fileID: 0}
    - target: {fileID: 4484612293407454, guid: 8099e862d610bc743bb40178e5b1860b, type: 2}
      propertyPath: m_LocalPosition.y
      value: 0.060015887
      objectReference: {fileID: 0}
    m_RemovedComponents: []
  m_SourcePrefab: {fileID: 100100000, guid: 8099e862d610bc743bb40178e5b1860b, type: 2}
  m_IsPrefabAsset: 0
--- !u!1 &689617355
GameObject:
  m_ObjectHideFlags: 0
  m_CorrespondingSourceObject: {fileID: 0}
  m_PrefabInternal: {fileID: 0}
  serializedVersion: 6
  m_Component:
  - component: {fileID: 689617357}
  - component: {fileID: 689617356}
  m_Layer: 0
  m_Name: GameManager
  m_TagString: Untagged
  m_Icon: {fileID: 0}
  m_NavMeshLayer: 0
  m_StaticEditorFlags: 0
  m_IsActive: 1
--- !u!114 &689617356
MonoBehaviour:
  m_ObjectHideFlags: 0
  m_CorrespondingSourceObject: {fileID: 0}
  m_PrefabInternal: {fileID: 0}
  m_GameObject: {fileID: 689617355}
  m_Enabled: 1
  m_EditorHideFlags: 0
  m_Script: {fileID: 11500000, guid: 237c7c54a9491ad4f8f753b7cfe23c54, type: 3}
  m_Name: 
  m_EditorClassIdentifier: 
  currentLevel:
    level: 0
    spawnInterval: 0
    hungerGainPerSecond: 0
    scoreToNextLevel: 0
  difficultySettings: {fileID: 11400000, guid: 877d3f27badbacf439f30f94b8903ae2, type: 2}
  minHunger: 0
  maxHunger: 100
  hunger: 100
  hungerGainPerSecond: 5
  sliderSpeed: 5
  txtScore: {fileID: 765730192}
  txtBest: {fileID: 1300567522}
  txtLevel: {fileID: 0}
  hungerRate: 5
  hungerSlider: {fileID: 1998038209}
  gameOver: {fileID: 1841405966}
  player: {fileID: 773246352}
  timeRate: 10
  pig: {fileID: 1478839851421380, guid: dc73c973779b14943815332ffd530253, type: 2}
  foods:
  - foodType: 
    food:
    - {fileID: 1478839851421380, guid: e54ca0d2a7bc0c14fb48aa7f8d09166e, type: 2}
    - {fileID: 1570846485473064, guid: fd9906d8cc8a8094380495ff88ed7a9f, type: 2}
    - {fileID: 1604708182667846, guid: 621eab73af604b34f9182ca0ec4dfce3, type: 2}
  - foodType: 
    food:
    - {fileID: 1478839851421380, guid: 1e5f37cc296f8d741a66733f0a8ce32c, type: 2}
    - {fileID: 1478839851421380, guid: d581d17e6d7ff354c9f4873a86ce838d, type: 2}
    - {fileID: 1478839851421380, guid: 34c00dadcdbcd404e915d4817dd5a2ac, type: 2}
  - foodType: 
    food:
    - {fileID: 1478839851421380, guid: 5c4faa8e456fa8f44b701213aa6bca6c, type: 2}
    - {fileID: 1478839851421380, guid: 7e0852e1d504b494185a5bb30b27cfac, type: 2}
    - {fileID: 1478839851421380, guid: 700e4c55347f1164f966bab202eb4f56, type: 2}
--- !u!4 &689617357
Transform:
  m_ObjectHideFlags: 0
  m_CorrespondingSourceObject: {fileID: 0}
  m_PrefabInternal: {fileID: 0}
  m_GameObject: {fileID: 689617355}
  m_LocalRotation: {x: 0, y: 0, z: 0, w: 1}
  m_LocalPosition: {x: 30.988443, y: 13.19582, z: 2.9509254}
  m_LocalScale: {x: 1, y: 1, z: 1}
  m_Children: []
  m_Father: {fileID: 0}
  m_RootOrder: 13
  m_LocalEulerAnglesHint: {x: 0, y: 0, z: 0}
--- !u!1 &696370027
GameObject:
  m_ObjectHideFlags: 0
  m_CorrespondingSourceObject: {fileID: 100002, guid: 34d1e98fa911c7c47a7f318e1d74f6ee,
    type: 3}
  m_PrefabInternal: {fileID: 0}
  serializedVersion: 6
  m_Component:
  - component: {fileID: 696370028}
  m_Layer: 0
  m_Name: gigaStone
  m_TagString: Untagged
  m_Icon: {fileID: 0}
  m_NavMeshLayer: 0
  m_StaticEditorFlags: 0
  m_IsActive: 1
--- !u!4 &696370028
Transform:
  m_ObjectHideFlags: 0
  m_CorrespondingSourceObject: {fileID: 400002, guid: 34d1e98fa911c7c47a7f318e1d74f6ee,
    type: 3}
  m_PrefabInternal: {fileID: 0}
  m_GameObject: {fileID: 696370027}
  m_LocalRotation: {x: -0.7071068, y: 0, z: -0, w: 0.7071068}
  m_LocalPosition: {x: -15.40401, y: 0, z: -3.352793}
  m_LocalScale: {x: 1, y: 1, z: 1}
  m_Children:
  - {fileID: 1944148353}
  m_Father: {fileID: 17524282}
  m_RootOrder: 0
  m_LocalEulerAnglesHint: {x: 0, y: 0, z: 0}
--- !u!1 &714220846
GameObject:
  m_ObjectHideFlags: 0
  m_CorrespondingSourceObject: {fileID: 0}
  m_PrefabInternal: {fileID: 0}
  serializedVersion: 6
  m_Component:
  - component: {fileID: 714220850}
  - component: {fileID: 714220849}
  - component: {fileID: 714220848}
  - component: {fileID: 714220847}
  m_Layer: 0
  m_Name: Plane (3)
  m_TagString: Untagged
  m_Icon: {fileID: 0}
  m_NavMeshLayer: 0
  m_StaticEditorFlags: 0
  m_IsActive: 1
--- !u!64 &714220847
MeshCollider:
  m_ObjectHideFlags: 0
  m_CorrespondingSourceObject: {fileID: 0}
  m_PrefabInternal: {fileID: 0}
  m_GameObject: {fileID: 714220846}
  m_Material: {fileID: 0}
  m_IsTrigger: 0
  m_Enabled: 1
  serializedVersion: 3
  m_Convex: 0
  m_CookingOptions: 14
  m_SkinWidth: 0.01
  m_Mesh: {fileID: 10209, guid: 0000000000000000e000000000000000, type: 0}
--- !u!23 &714220848
MeshRenderer:
  m_ObjectHideFlags: 0
  m_CorrespondingSourceObject: {fileID: 0}
  m_PrefabInternal: {fileID: 0}
  m_GameObject: {fileID: 714220846}
  m_Enabled: 0
  m_CastShadows: 1
  m_ReceiveShadows: 1
  m_DynamicOccludee: 1
  m_MotionVectors: 1
  m_LightProbeUsage: 1
  m_ReflectionProbeUsage: 1
  m_RenderingLayerMask: 4294967295
  m_Materials:
  - {fileID: 10303, guid: 0000000000000000f000000000000000, type: 0}
  m_StaticBatchInfo:
    firstSubMesh: 0
    subMeshCount: 0
  m_StaticBatchRoot: {fileID: 0}
  m_ProbeAnchor: {fileID: 0}
  m_LightProbeVolumeOverride: {fileID: 0}
  m_ScaleInLightmap: 1
  m_PreserveUVs: 0
  m_IgnoreNormalsForChartDetection: 0
  m_ImportantGI: 0
  m_StitchLightmapSeams: 0
  m_SelectedEditorRenderState: 3
  m_MinimumChartSize: 4
  m_AutoUVMaxDistance: 0.5
  m_AutoUVMaxAngle: 89
  m_LightmapParameters: {fileID: 0}
  m_SortingLayerID: 0
  m_SortingLayer: 0
  m_SortingOrder: 0
--- !u!33 &714220849
MeshFilter:
  m_ObjectHideFlags: 0
  m_CorrespondingSourceObject: {fileID: 0}
  m_PrefabInternal: {fileID: 0}
  m_GameObject: {fileID: 714220846}
  m_Mesh: {fileID: 10209, guid: 0000000000000000e000000000000000, type: 0}
--- !u!4 &714220850
Transform:
  m_ObjectHideFlags: 0
  m_CorrespondingSourceObject: {fileID: 0}
  m_PrefabInternal: {fileID: 0}
  m_GameObject: {fileID: 714220846}
  m_LocalRotation: {x: -0, y: -0, z: 0.7071068, w: -0.7071068}
  m_LocalPosition: {x: -4.6163, y: 21.05, z: -0.0000088675}
  m_LocalScale: {x: 15.601711, y: 0.19812576, z: 2.9327}
  m_Children:
  - {fileID: 1290394254}
  m_Father: {fileID: 1388275743}
  m_RootOrder: 3
  m_LocalEulerAnglesHint: {x: -90.00001, y: 0, z: 270}
--- !u!1 &763781245
GameObject:
  m_ObjectHideFlags: 0
  m_CorrespondingSourceObject: {fileID: 0}
  m_PrefabInternal: {fileID: 0}
  serializedVersion: 6
  m_Component:
  - component: {fileID: 763781246}
  m_Layer: 0
  m_Name: GameObject
  m_TagString: Untagged
  m_Icon: {fileID: 0}
  m_NavMeshLayer: 0
  m_StaticEditorFlags: 0
  m_IsActive: 1
--- !u!4 &763781246
Transform:
  m_ObjectHideFlags: 0
  m_CorrespondingSourceObject: {fileID: 0}
  m_PrefabInternal: {fileID: 0}
  m_GameObject: {fileID: 763781245}
  m_LocalRotation: {x: 0, y: 0, z: 0, w: 1}
  m_LocalPosition: {x: 0, y: 0, z: 0}
  m_LocalScale: {x: 1, y: 1, z: 1}
  m_Children: []
  m_Father: {fileID: 1986922902}
  m_RootOrder: 0
  m_LocalEulerAnglesHint: {x: 0, y: 0, z: 0}
--- !u!114 &765730192 stripped
MonoBehaviour:
  m_CorrespondingSourceObject: {fileID: 114692081402116240, guid: a9cd7c5d083d4824db09cbaf45a0bbbb,
    type: 2}
  m_PrefabInternal: {fileID: 1035757753}
  m_Script: {fileID: 11500000, guid: f4688fdb7df04437aeb418b961361dc5, type: 3}
--- !u!114 &773246352 stripped
MonoBehaviour:
  m_CorrespondingSourceObject: {fileID: 114038669424694520, guid: 8099e862d610bc743bb40178e5b1860b,
    type: 2}
  m_PrefabInternal: {fileID: 684865467}
  m_Script: {fileID: 11500000, guid: 63cb7aac91ebcaf4fa0aa76451ccea2e, type: 3}
--- !u!1 &799395453
GameObject:
  m_ObjectHideFlags: 0
  m_CorrespondingSourceObject: {fileID: 0}
  m_PrefabInternal: {fileID: 0}
  serializedVersion: 6
  m_Component:
  - component: {fileID: 799395454}
  m_Layer: 0
  m_Name: GameObject
  m_TagString: Untagged
  m_Icon: {fileID: 0}
  m_NavMeshLayer: 0
  m_StaticEditorFlags: 0
  m_IsActive: 1
--- !u!4 &799395454
Transform:
  m_ObjectHideFlags: 0
  m_CorrespondingSourceObject: {fileID: 0}
  m_PrefabInternal: {fileID: 0}
  m_GameObject: {fileID: 799395453}
  m_LocalRotation: {x: 0, y: 0, z: 0, w: 1}
  m_LocalPosition: {x: 0, y: 0, z: 0}
  m_LocalScale: {x: 1, y: 1, z: 1}
  m_Children: []
  m_Father: {fileID: 1026883272}
  m_RootOrder: 0
  m_LocalEulerAnglesHint: {x: 0, y: 0, z: 0}
--- !u!1 &889681581 stripped
GameObject:
  m_CorrespondingSourceObject: {fileID: 1757685656792852, guid: 3b2bb4b5f653e7449b45b518a6b6af3e,
    type: 2}
  m_PrefabInternal: {fileID: 1879323406}
--- !u!1 &915019051
GameObject:
  m_ObjectHideFlags: 0
  m_CorrespondingSourceObject: {fileID: 0}
  m_PrefabInternal: {fileID: 0}
  serializedVersion: 6
  m_Component:
  - component: {fileID: 915019052}
  m_Layer: 0
  m_Name: BlueReference
  m_TagString: Untagged
  m_Icon: {fileID: 0}
  m_NavMeshLayer: 0
  m_StaticEditorFlags: 0
  m_IsActive: 1
--- !u!4 &915019052
Transform:
  m_ObjectHideFlags: 0
  m_CorrespondingSourceObject: {fileID: 0}
  m_PrefabInternal: {fileID: 0}
  m_GameObject: {fileID: 915019051}
  m_LocalRotation: {x: -0, y: -0, z: -0, w: 1}
  m_LocalPosition: {x: -1.94, y: -0.24400002, z: 0.068403944}
  m_LocalScale: {x: 1, y: 1, z: 0.891817}
  m_Children: []
  m_Father: {fileID: 519973832}
  m_RootOrder: 0
  m_LocalEulerAnglesHint: {x: 0, y: 0, z: 0}
--- !u!1 &979337237
GameObject:
  m_ObjectHideFlags: 0
  m_CorrespondingSourceObject: {fileID: 0}
  m_PrefabInternal: {fileID: 0}
  serializedVersion: 6
  m_Component:
  - component: {fileID: 979337238}
  m_Layer: 0
  m_Name: GameObject
  m_TagString: Untagged
  m_Icon: {fileID: 0}
  m_NavMeshLayer: 0
  m_StaticEditorFlags: 0
  m_IsActive: 1
--- !u!4 &979337238
Transform:
  m_ObjectHideFlags: 0
  m_CorrespondingSourceObject: {fileID: 0}
  m_PrefabInternal: {fileID: 0}
  m_GameObject: {fileID: 979337237}
  m_LocalRotation: {x: 0, y: 0, z: 0, w: 1}
  m_LocalPosition: {x: 0, y: 0, z: 0}
  m_LocalScale: {x: 1, y: 1, z: 1}
  m_Children: []
  m_Father: {fileID: 546468496}
  m_RootOrder: 0
  m_LocalEulerAnglesHint: {x: 0, y: 0, z: 0}
--- !u!1 &1026883271
GameObject:
  m_ObjectHideFlags: 0
  m_CorrespondingSourceObject: {fileID: 0}
  m_PrefabInternal: {fileID: 0}
  serializedVersion: 6
  m_Component:
  - component: {fileID: 1026883272}
  - component: {fileID: 1026883275}
  - component: {fileID: 1026883274}
  - component: {fileID: 1026883273}
  m_Layer: 0
  m_Name: Plane (5)
  m_TagString: Untagged
  m_Icon: {fileID: 0}
  m_NavMeshLayer: 0
  m_StaticEditorFlags: 0
  m_IsActive: 1
--- !u!4 &1026883272
Transform:
  m_ObjectHideFlags: 0
  m_CorrespondingSourceObject: {fileID: 0}
  m_PrefabInternal: {fileID: 0}
  m_GameObject: {fileID: 1026883271}
  m_LocalRotation: {x: 0.7071068, y: -0, z: -0, w: 0.7071068}
  m_LocalPosition: {x: 4.83, y: 21.25, z: 10.26}
  m_LocalScale: {x: 2.0953, y: 0.2324554, z: 8.87138}
  m_Children:
  - {fileID: 799395454}
  m_Father: {fileID: 1388275743}
  m_RootOrder: 5
  m_LocalEulerAnglesHint: {x: 0, y: 0, z: 0}
--- !u!65 &1026883273
BoxCollider:
  m_ObjectHideFlags: 0
  m_CorrespondingSourceObject: {fileID: 0}
  m_PrefabInternal: {fileID: 0}
  m_GameObject: {fileID: 1026883271}
  m_Material: {fileID: 0}
  m_IsTrigger: 0
  m_Enabled: 1
  serializedVersion: 2
  m_Size: {x: 10, y: 3.591173, z: 10.000005}
  m_Center: {x: 0, y: -0.92719024, z: -0.0000008695636}
--- !u!23 &1026883274
MeshRenderer:
  m_ObjectHideFlags: 0
  m_CorrespondingSourceObject: {fileID: 0}
  m_PrefabInternal: {fileID: 0}
  m_GameObject: {fileID: 1026883271}
  m_Enabled: 0
  m_CastShadows: 1
  m_ReceiveShadows: 1
  m_DynamicOccludee: 1
  m_MotionVectors: 1
  m_LightProbeUsage: 1
  m_ReflectionProbeUsage: 1
  m_RenderingLayerMask: 4294967295
  m_Materials:
  - {fileID: 10303, guid: 0000000000000000f000000000000000, type: 0}
  m_StaticBatchInfo:
    firstSubMesh: 0
    subMeshCount: 0
  m_StaticBatchRoot: {fileID: 0}
  m_ProbeAnchor: {fileID: 0}
  m_LightProbeVolumeOverride: {fileID: 0}
  m_ScaleInLightmap: 1
  m_PreserveUVs: 0
  m_IgnoreNormalsForChartDetection: 0
  m_ImportantGI: 0
  m_StitchLightmapSeams: 0
  m_SelectedEditorRenderState: 3
  m_MinimumChartSize: 4
  m_AutoUVMaxDistance: 0.5
  m_AutoUVMaxAngle: 89
  m_LightmapParameters: {fileID: 0}
  m_SortingLayerID: 0
  m_SortingLayer: 0
  m_SortingOrder: 0
--- !u!33 &1026883275
MeshFilter:
  m_ObjectHideFlags: 0
  m_CorrespondingSourceObject: {fileID: 0}
  m_PrefabInternal: {fileID: 0}
  m_GameObject: {fileID: 1026883271}
  m_Mesh: {fileID: 10209, guid: 0000000000000000e000000000000000, type: 0}
--- !u!1001 &1035757753
Prefab:
  m_ObjectHideFlags: 0
  serializedVersion: 2
  m_Modification:
    m_TransformParent: {fileID: 0}
    m_Modifications:
    - target: {fileID: 224819215266692430, guid: a9cd7c5d083d4824db09cbaf45a0bbbb,
        type: 2}
      propertyPath: m_RootOrder
      value: 1
      objectReference: {fileID: 0}
    - target: {fileID: 224819215266692430, guid: a9cd7c5d083d4824db09cbaf45a0bbbb,
        type: 2}
      propertyPath: m_LocalPosition.x
      value: 0
      objectReference: {fileID: 0}
    - target: {fileID: 224819215266692430, guid: a9cd7c5d083d4824db09cbaf45a0bbbb,
        type: 2}
      propertyPath: m_LocalPosition.y
      value: 0
      objectReference: {fileID: 0}
    - target: {fileID: 224819215266692430, guid: a9cd7c5d083d4824db09cbaf45a0bbbb,
        type: 2}
      propertyPath: m_LocalPosition.z
      value: 0
      objectReference: {fileID: 0}
    - target: {fileID: 224819215266692430, guid: a9cd7c5d083d4824db09cbaf45a0bbbb,
        type: 2}
      propertyPath: m_LocalRotation.x
      value: 0
      objectReference: {fileID: 0}
    - target: {fileID: 224819215266692430, guid: a9cd7c5d083d4824db09cbaf45a0bbbb,
        type: 2}
      propertyPath: m_LocalRotation.y
      value: 0
      objectReference: {fileID: 0}
    - target: {fileID: 224819215266692430, guid: a9cd7c5d083d4824db09cbaf45a0bbbb,
        type: 2}
      propertyPath: m_LocalRotation.z
      value: 0
      objectReference: {fileID: 0}
    - target: {fileID: 224819215266692430, guid: a9cd7c5d083d4824db09cbaf45a0bbbb,
        type: 2}
      propertyPath: m_LocalRotation.w
      value: 1
      objectReference: {fileID: 0}
    - target: {fileID: 224819215266692430, guid: a9cd7c5d083d4824db09cbaf45a0bbbb,
        type: 2}
      propertyPath: m_RootOrder
      value: 1
      objectReference: {fileID: 0}
    - target: {fileID: 224819215266692430, guid: a9cd7c5d083d4824db09cbaf45a0bbbb,
        type: 2}
      propertyPath: m_AnchoredPosition.x
      value: 0
      objectReference: {fileID: 0}
    - target: {fileID: 224819215266692430, guid: a9cd7c5d083d4824db09cbaf45a0bbbb,
        type: 2}
      propertyPath: m_AnchoredPosition.y
      value: 0
      objectReference: {fileID: 0}
    - target: {fileID: 224819215266692430, guid: a9cd7c5d083d4824db09cbaf45a0bbbb,
        type: 2}
      propertyPath: m_SizeDelta.x
      value: 0
      objectReference: {fileID: 0}
    - target: {fileID: 224819215266692430, guid: a9cd7c5d083d4824db09cbaf45a0bbbb,
        type: 2}
      propertyPath: m_SizeDelta.y
      value: 0
      objectReference: {fileID: 0}
    - target: {fileID: 224819215266692430, guid: a9cd7c5d083d4824db09cbaf45a0bbbb,
        type: 2}
      propertyPath: m_AnchorMin.x
      value: 0
      objectReference: {fileID: 0}
    - target: {fileID: 224819215266692430, guid: a9cd7c5d083d4824db09cbaf45a0bbbb,
        type: 2}
      propertyPath: m_AnchorMin.y
      value: 0
      objectReference: {fileID: 0}
    - target: {fileID: 224819215266692430, guid: a9cd7c5d083d4824db09cbaf45a0bbbb,
        type: 2}
      propertyPath: m_AnchorMax.x
      value: 0
      objectReference: {fileID: 0}
    - target: {fileID: 224819215266692430, guid: a9cd7c5d083d4824db09cbaf45a0bbbb,
        type: 2}
      propertyPath: m_AnchorMax.y
      value: 0
      objectReference: {fileID: 0}
    - target: {fileID: 224819215266692430, guid: a9cd7c5d083d4824db09cbaf45a0bbbb,
        type: 2}
      propertyPath: m_Pivot.x
      value: 0
      objectReference: {fileID: 0}
    - target: {fileID: 224819215266692430, guid: a9cd7c5d083d4824db09cbaf45a0bbbb,
        type: 2}
      propertyPath: m_Pivot.y
      value: 0
      objectReference: {fileID: 0}
    - target: {fileID: 114692081402116240, guid: a9cd7c5d083d4824db09cbaf45a0bbbb,
        type: 2}
      propertyPath: m_havePropertiesChanged
      value: 1
      objectReference: {fileID: 0}
    - target: {fileID: 114692081402116240, guid: a9cd7c5d083d4824db09cbaf45a0bbbb,
        type: 2}
      propertyPath: m_isInputParsingRequired
      value: 1
      objectReference: {fileID: 0}
    - target: {fileID: 114891112274371340, guid: a9cd7c5d083d4824db09cbaf45a0bbbb,
        type: 2}
      propertyPath: m_havePropertiesChanged
      value: 1
      objectReference: {fileID: 0}
    - target: {fileID: 114891112274371340, guid: a9cd7c5d083d4824db09cbaf45a0bbbb,
        type: 2}
      propertyPath: m_isInputParsingRequired
      value: 1
      objectReference: {fileID: 0}
    - target: {fileID: 114466534121162258, guid: a9cd7c5d083d4824db09cbaf45a0bbbb,
        type: 2}
      propertyPath: m_havePropertiesChanged
      value: 1
      objectReference: {fileID: 0}
    - target: {fileID: 114466534121162258, guid: a9cd7c5d083d4824db09cbaf45a0bbbb,
        type: 2}
      propertyPath: m_isInputParsingRequired
      value: 1
      objectReference: {fileID: 0}
    - target: {fileID: 114081543128209026, guid: a9cd7c5d083d4824db09cbaf45a0bbbb,
        type: 2}
      propertyPath: m_havePropertiesChanged
      value: 1
      objectReference: {fileID: 0}
    - target: {fileID: 114081543128209026, guid: a9cd7c5d083d4824db09cbaf45a0bbbb,
        type: 2}
      propertyPath: m_isInputParsingRequired
      value: 1
      objectReference: {fileID: 0}
    m_RemovedComponents: []
  m_SourcePrefab: {fileID: 100100000, guid: a9cd7c5d083d4824db09cbaf45a0bbbb, type: 2}
  m_IsPrefabAsset: 0
--- !u!1 &1184565938
GameObject:
  m_ObjectHideFlags: 0
  m_CorrespondingSourceObject: {fileID: 0}
  m_PrefabInternal: {fileID: 0}
  serializedVersion: 6
  m_Component:
  - component: {fileID: 1184565940}
  - component: {fileID: 1184565939}
  m_Layer: 0
  m_Name: Directional Light
  m_TagString: Untagged
  m_Icon: {fileID: 0}
  m_NavMeshLayer: 0
  m_StaticEditorFlags: 0
  m_IsActive: 1
--- !u!108 &1184565939
Light:
  m_ObjectHideFlags: 0
  m_CorrespondingSourceObject: {fileID: 0}
  m_PrefabInternal: {fileID: 0}
  m_GameObject: {fileID: 1184565938}
  m_Enabled: 1
  serializedVersion: 8
  m_Type: 1
  m_Color: {r: 1, g: 0.95686275, b: 0.8392157, a: 1}
  m_Intensity: 1
  m_Range: 10
  m_SpotAngle: 30
  m_CookieSize: 10
  m_Shadows:
    m_Type: 2
    m_Resolution: -1
    m_CustomResolution: -1
    m_Strength: 1
    m_Bias: 0.05
    m_NormalBias: 0.4
    m_NearPlane: 0.2
  m_Cookie: {fileID: 0}
  m_DrawHalo: 0
  m_Flare: {fileID: 0}
  m_RenderMode: 0
  m_CullingMask:
    serializedVersion: 2
    m_Bits: 4294967295
  m_Lightmapping: 4
  m_LightShadowCasterMode: 0
  m_AreaSize: {x: 1, y: 1}
  m_BounceIntensity: 1
  m_ColorTemperature: 6570
  m_UseColorTemperature: 0
  m_ShadowRadius: 0
  m_ShadowAngle: 0
--- !u!4 &1184565940
Transform:
  m_ObjectHideFlags: 0
  m_CorrespondingSourceObject: {fileID: 0}
  m_PrefabInternal: {fileID: 0}
  m_GameObject: {fileID: 1184565938}
  m_LocalRotation: {x: 0.40821788, y: -0.23456968, z: 0.10938163, w: 0.8754261}
  m_LocalPosition: {x: 0, y: 3, z: 0}
  m_LocalScale: {x: 1, y: 1, z: 1}
  m_Children: []
  m_Father: {fileID: 0}
  m_RootOrder: 0
  m_LocalEulerAnglesHint: {x: 50, y: -30, z: 0}
--- !u!1 &1207160159
GameObject:
  m_ObjectHideFlags: 0
  m_CorrespondingSourceObject: {fileID: 100008, guid: 34d1e98fa911c7c47a7f318e1d74f6ee,
    type: 3}
  m_PrefabInternal: {fileID: 0}
  serializedVersion: 6
  m_Component:
  - component: {fileID: 1207160160}
  m_Layer: 0
  m_Name: transform1
  m_TagString: Untagged
  m_Icon: {fileID: 0}
  m_NavMeshLayer: 0
  m_StaticEditorFlags: 0
  m_IsActive: 1
--- !u!4 &1207160160
Transform:
  m_ObjectHideFlags: 0
  m_CorrespondingSourceObject: {fileID: 400008, guid: 34d1e98fa911c7c47a7f318e1d74f6ee,
    type: 3}
  m_PrefabInternal: {fileID: 0}
  m_GameObject: {fileID: 1207160159}
  m_LocalRotation: {x: 0, y: -0, z: -0, w: 1}
  m_LocalPosition: {x: -0, y: 0, z: 0}
  m_LocalScale: {x: 1, y: 1, z: 1}
  m_Children: []
  m_Father: {fileID: 559977306}
  m_RootOrder: 0
  m_LocalEulerAnglesHint: {x: 0, y: 0, z: 0}
--- !u!1 &1276672183
GameObject:
  m_ObjectHideFlags: 0
  m_CorrespondingSourceObject: {fileID: 0}
  m_PrefabInternal: {fileID: 0}
  serializedVersion: 6
  m_Component:
  - component: {fileID: 1276672184}
  m_Layer: 0
  m_Name: GameObject
  m_TagString: Untagged
  m_Icon: {fileID: 0}
  m_NavMeshLayer: 0
  m_StaticEditorFlags: 0
  m_IsActive: 1
--- !u!4 &1276672184
Transform:
  m_ObjectHideFlags: 0
  m_CorrespondingSourceObject: {fileID: 0}
  m_PrefabInternal: {fileID: 0}
  m_GameObject: {fileID: 1276672183}
  m_LocalRotation: {x: 0, y: 0, z: 0, w: 1}
  m_LocalPosition: {x: 0, y: 0, z: 0}
  m_LocalScale: {x: 1, y: 1, z: 1}
  m_Children: []
  m_Father: {fileID: 400379074}
  m_RootOrder: 0
  m_LocalEulerAnglesHint: {x: 0, y: 0, z: 0}
--- !u!1 &1290394253
GameObject:
  m_ObjectHideFlags: 0
  m_CorrespondingSourceObject: {fileID: 0}
  m_PrefabInternal: {fileID: 0}
  serializedVersion: 6
  m_Component:
  - component: {fileID: 1290394254}
  m_Layer: 0
  m_Name: GameObject
  m_TagString: Untagged
  m_Icon: {fileID: 0}
  m_NavMeshLayer: 0
  m_StaticEditorFlags: 0
  m_IsActive: 1
--- !u!4 &1290394254
Transform:
  m_ObjectHideFlags: 0
  m_CorrespondingSourceObject: {fileID: 0}
  m_PrefabInternal: {fileID: 0}
  m_GameObject: {fileID: 1290394253}
  m_LocalRotation: {x: 0, y: 0, z: 0, w: 1}
  m_LocalPosition: {x: 0, y: 0, z: 0}
  m_LocalScale: {x: 1, y: 1, z: 1}
  m_Children: []
  m_Father: {fileID: 714220850}
  m_RootOrder: 0
  m_LocalEulerAnglesHint: {x: 0, y: 0, z: 0}
--- !u!114 &1300567522 stripped
MonoBehaviour:
  m_CorrespondingSourceObject: {fileID: 114466534121162258, guid: a9cd7c5d083d4824db09cbaf45a0bbbb,
    type: 2}
  m_PrefabInternal: {fileID: 1035757753}
  m_Script: {fileID: 11500000, guid: f4688fdb7df04437aeb418b961361dc5, type: 3}
--- !u!1 &1388275742
GameObject:
  m_ObjectHideFlags: 0
  m_CorrespondingSourceObject: {fileID: 0}
  m_PrefabInternal: {fileID: 0}
  serializedVersion: 6
  m_Component:
  - component: {fileID: 1388275743}
  m_Layer: 0
  m_Name: Scenario
  m_TagString: Untagged
  m_Icon: {fileID: 0}
  m_NavMeshLayer: 0
  m_StaticEditorFlags: 0
  m_IsActive: 1
--- !u!4 &1388275743
Transform:
  m_ObjectHideFlags: 0
  m_CorrespondingSourceObject: {fileID: 0}
  m_PrefabInternal: {fileID: 0}
  m_GameObject: {fileID: 1388275742}
  m_LocalRotation: {x: -0.7071068, y: 0, z: -0, w: 0.7071068}
  m_LocalPosition: {x: 0, y: 19.59, z: 21.25}
  m_LocalScale: {x: 5.0473, y: 1, z: 4.301902}
  m_Children:
  - {fileID: 400379074}
  - {fileID: 2030278113}
  - {fileID: 204715004}
  - {fileID: 714220850}
  - {fileID: 1986922902}
  - {fileID: 1026883272}
  - {fileID: 94245019}
  - {fileID: 546468496}
  m_Father: {fileID: 0}
  m_RootOrder: 8
  m_LocalEulerAnglesHint: {x: 0, y: 0, z: 0}
--- !u!1 &1582644563
GameObject:
  m_ObjectHideFlags: 0
  m_CorrespondingSourceObject: {fileID: 0}
  m_PrefabInternal: {fileID: 0}
  serializedVersion: 6
  m_Component:
  - component: {fileID: 1582644566}
  - component: {fileID: 1582644565}
  - component: {fileID: 1582644564}
  m_Layer: 0
  m_Name: EventSystem
  m_TagString: Untagged
  m_Icon: {fileID: 0}
  m_NavMeshLayer: 0
  m_StaticEditorFlags: 0
  m_IsActive: 1
--- !u!114 &1582644564
MonoBehaviour:
  m_ObjectHideFlags: 0
  m_CorrespondingSourceObject: {fileID: 0}
  m_PrefabInternal: {fileID: 0}
  m_GameObject: {fileID: 1582644563}
  m_Enabled: 1
  m_EditorHideFlags: 0
  m_Script: {fileID: 1077351063, guid: f70555f144d8491a825f0804e09c671c, type: 3}
  m_Name: 
  m_EditorClassIdentifier: 
  m_HorizontalAxis: Horizontal
  m_VerticalAxis: Vertical
  m_SubmitButton: Submit
  m_CancelButton: Cancel
  m_InputActionsPerSecond: 10
  m_RepeatDelay: 0.5
  m_ForceModuleActive: 0
--- !u!114 &1582644565
MonoBehaviour:
  m_ObjectHideFlags: 0
  m_CorrespondingSourceObject: {fileID: 0}
  m_PrefabInternal: {fileID: 0}
  m_GameObject: {fileID: 1582644563}
  m_Enabled: 1
  m_EditorHideFlags: 0
  m_Script: {fileID: -619905303, guid: f70555f144d8491a825f0804e09c671c, type: 3}
  m_Name: 
  m_EditorClassIdentifier: 
  m_FirstSelected: {fileID: 0}
  m_sendNavigationEvents: 1
  m_DragThreshold: 10
--- !u!4 &1582644566
Transform:
  m_ObjectHideFlags: 0
  m_CorrespondingSourceObject: {fileID: 0}
  m_PrefabInternal: {fileID: 0}
  m_GameObject: {fileID: 1582644563}
  m_LocalRotation: {x: 0, y: 0, z: 0, w: 1}
  m_LocalPosition: {x: 0, y: 0, z: 0}
  m_LocalScale: {x: 1, y: 1, z: 1}
  m_Children: []
  m_Father: {fileID: 0}
  m_RootOrder: 5
  m_LocalEulerAnglesHint: {x: 0, y: 0, z: 0}
--- !u!1001 &1614336280
Prefab:
  m_ObjectHideFlags: 0
  serializedVersion: 2
  m_Modification:
    m_TransformParent: {fileID: 0}
    m_Modifications:
    - target: {fileID: 4035946693089674, guid: 3b2bb4b5f653e7449b45b518a6b6af3e, type: 2}
      propertyPath: m_LocalPosition.x
      value: 63.71
      objectReference: {fileID: 0}
    - target: {fileID: 4035946693089674, guid: 3b2bb4b5f653e7449b45b518a6b6af3e, type: 2}
      propertyPath: m_LocalPosition.y
      value: 1.2
      objectReference: {fileID: 0}
    - target: {fileID: 4035946693089674, guid: 3b2bb4b5f653e7449b45b518a6b6af3e, type: 2}
      propertyPath: m_LocalPosition.z
      value: -36.3
      objectReference: {fileID: 0}
    - target: {fileID: 4035946693089674, guid: 3b2bb4b5f653e7449b45b518a6b6af3e, type: 2}
      propertyPath: m_LocalRotation.x
      value: 0
      objectReference: {fileID: 0}
    - target: {fileID: 4035946693089674, guid: 3b2bb4b5f653e7449b45b518a6b6af3e, type: 2}
      propertyPath: m_LocalRotation.y
      value: 0
      objectReference: {fileID: 0}
    - target: {fileID: 4035946693089674, guid: 3b2bb4b5f653e7449b45b518a6b6af3e, type: 2}
      propertyPath: m_LocalRotation.z
      value: 0
      objectReference: {fileID: 0}
    - target: {fileID: 4035946693089674, guid: 3b2bb4b5f653e7449b45b518a6b6af3e, type: 2}
      propertyPath: m_LocalRotation.w
      value: 1
      objectReference: {fileID: 0}
    - target: {fileID: 4035946693089674, guid: 3b2bb4b5f653e7449b45b518a6b6af3e, type: 2}
      propertyPath: m_RootOrder
      value: 7
      objectReference: {fileID: 0}
    - target: {fileID: 1570139388979662, guid: 3b2bb4b5f653e7449b45b518a6b6af3e, type: 2}
      propertyPath: m_Name
      value: HungryBird (2)
      objectReference: {fileID: 0}
    - target: {fileID: 0}
      propertyPath: m_Materials.Array.data[0]
      value: 
      objectReference: {fileID: 2100000, guid: 5516a06e948255f4b8dd8a1c07df45ce, type: 2}
    - target: {fileID: 4035946693089674, guid: 3b2bb4b5f653e7449b45b518a6b6af3e, type: 2}
      propertyPath: m_LocalScale.x
      value: 4.384
      objectReference: {fileID: 0}
    - target: {fileID: 4035946693089674, guid: 3b2bb4b5f653e7449b45b518a6b6af3e, type: 2}
      propertyPath: m_LocalScale.y
      value: 4.384
      objectReference: {fileID: 0}
    - target: {fileID: 4035946693089674, guid: 3b2bb4b5f653e7449b45b518a6b6af3e, type: 2}
      propertyPath: m_LocalScale.z
      value: 4.7303243
      objectReference: {fileID: 0}
    - target: {fileID: 23060404977849154, guid: 3b2bb4b5f653e7449b45b518a6b6af3e,
        type: 2}
      propertyPath: m_Materials.Array.data[0]
      value: 
      objectReference: {fileID: 2100000, guid: 5516a06e948255f4b8dd8a1c07df45ce, type: 2}
    - target: {fileID: 23060404977849154, guid: 3b2bb4b5f653e7449b45b518a6b6af3e,
        type: 2}
      propertyPath: m_Enabled
      value: 1
      objectReference: {fileID: 0}
    - target: {fileID: 1874209954546044, guid: 3b2bb4b5f653e7449b45b518a6b6af3e, type: 2}
      propertyPath: m_IsActive
      value: 1
      objectReference: {fileID: 0}
    - target: {fileID: 23742068485696106, guid: 3b2bb4b5f653e7449b45b518a6b6af3e,
        type: 2}
      propertyPath: m_Materials.Array.data[0]
      value: 
      objectReference: {fileID: 2100000, guid: 5516a06e948255f4b8dd8a1c07df45ce, type: 2}
    - target: {fileID: 23483721766098222, guid: 3b2bb4b5f653e7449b45b518a6b6af3e,
        type: 2}
      propertyPath: m_Materials.Array.data[0]
      value: 
      objectReference: {fileID: 2100000, guid: 5516a06e948255f4b8dd8a1c07df45ce, type: 2}
    m_RemovedComponents: []
  m_SourcePrefab: {fileID: 100100000, guid: 3b2bb4b5f653e7449b45b518a6b6af3e, type: 2}
  m_IsPrefabAsset: 0
--- !u!114 &1614336281 stripped
MonoBehaviour:
  m_CorrespondingSourceObject: {fileID: 114892956038269230, guid: 3b2bb4b5f653e7449b45b518a6b6af3e,
    type: 2}
  m_PrefabInternal: {fileID: 1614336280}
  m_Script: {fileID: 11500000, guid: 04347d27aff1f4845b955c9bac13faa3, type: 3}
--- !u!1 &1614336282 stripped
GameObject:
  m_CorrespondingSourceObject: {fileID: 1759438547750792, guid: 3b2bb4b5f653e7449b45b518a6b6af3e,
    type: 2}
  m_PrefabInternal: {fileID: 1614336280}
--- !u!1 &1614336283 stripped
GameObject:
  m_CorrespondingSourceObject: {fileID: 1757685656792852, guid: 3b2bb4b5f653e7449b45b518a6b6af3e,
    type: 2}
  m_PrefabInternal: {fileID: 1614336280}
--- !u!1 &1614336284 stripped
GameObject:
  m_CorrespondingSourceObject: {fileID: 1874209954546044, guid: 3b2bb4b5f653e7449b45b518a6b6af3e,
    type: 2}
  m_PrefabInternal: {fileID: 1614336280}
--- !u!1 &1672683609
GameObject:
  m_ObjectHideFlags: 0
  m_CorrespondingSourceObject: {fileID: 0}
  m_PrefabInternal: {fileID: 0}
  serializedVersion: 6
  m_Component:
  - component: {fileID: 1672683612}
  - component: {fileID: 1672683611}
  - component: {fileID: 1672683610}
  m_Layer: 0
  m_Name: BumpTheFuckUp_Green
  m_TagString: Untagged
  m_Icon: {fileID: 0}
  m_NavMeshLayer: 0
  m_StaticEditorFlags: 0
  m_IsActive: 1
--- !u!114 &1672683610
MonoBehaviour:
  m_ObjectHideFlags: 0
  m_CorrespondingSourceObject: {fileID: 0}
  m_PrefabInternal: {fileID: 0}
  m_GameObject: {fileID: 1672683609}
  m_Enabled: 1
  m_EditorHideFlags: 0
  m_Script: {fileID: 11500000, guid: bb59231e62b5dc843999bd80c9712f24, type: 3}
  m_Name: 
  m_EditorClassIdentifier: 
  torqueMax: 100
  upForce: 10
  timeToMove: 1
  foodType: 1
  pointsToLoseWhenMissType: 20
  popUp: {fileID: 1004776455517962, guid: 2345ff9753991dc44b6faff428197f7f, type: 2}
  color: {r: 0, g: 1, b: 0, a: 1}
  birdsChildren:
  - {fileID: 1675069439}
  - {fileID: 889681581}
  - {fileID: 46268453}
  currentContainer: {fileID: 1675069440}
  transformationParticles: {fileID: 1965343156803978, guid: aa8d6482d70a23445b4b2a928ed1b845,
    type: 2}
  particleScale: {x: 20, y: 20, z: 20}
--- !u!65 &1672683611
BoxCollider:
  m_ObjectHideFlags: 0
  m_CorrespondingSourceObject: {fileID: 0}
  m_PrefabInternal: {fileID: 0}
  m_GameObject: {fileID: 1672683609}
  m_Material: {fileID: 0}
  m_IsTrigger: 1
  m_Enabled: 1
  serializedVersion: 2
  m_Size: {x: 1, y: 1, z: 1}
  m_Center: {x: 0, y: 0, z: 0}
--- !u!4 &1672683612
Transform:
  m_ObjectHideFlags: 0
  m_CorrespondingSourceObject: {fileID: 0}
  m_PrefabInternal: {fileID: 0}
  m_GameObject: {fileID: 1672683609}
  m_LocalRotation: {x: 0, y: 0, z: 0, w: 1}
  m_LocalPosition: {x: 64.78, y: 19.050003, z: 21.3}
  m_LocalScale: {x: 2.9033716, y: 46.47, z: 26.553123}
  m_Children:
  - {fileID: 357450194}
  m_Father: {fileID: 0}
  m_RootOrder: 10
  m_LocalEulerAnglesHint: {x: 0, y: 0, z: 0}
--- !u!1 &1675069439 stripped
GameObject:
  m_CorrespondingSourceObject: {fileID: 1874209954546044, guid: 3b2bb4b5f653e7449b45b518a6b6af3e,
    type: 2}
  m_PrefabInternal: {fileID: 1879323406}
--- !u!114 &1675069440 stripped
MonoBehaviour:
  m_CorrespondingSourceObject: {fileID: 114892956038269230, guid: 3b2bb4b5f653e7449b45b518a6b6af3e,
    type: 2}
  m_PrefabInternal: {fileID: 1879323406}
  m_Script: {fileID: 11500000, guid: 04347d27aff1f4845b955c9bac13faa3, type: 3}
--- !u!1 &1708004232
GameObject:
  m_ObjectHideFlags: 0
  m_CorrespondingSourceObject: {fileID: 0}
  m_PrefabInternal: {fileID: 0}
  serializedVersion: 6
  m_Component:
  - component: {fileID: 1708004233}
  m_Layer: 0
  m_Name: GameObject
  m_TagString: Untagged
  m_Icon: {fileID: 0}
  m_NavMeshLayer: 0
  m_StaticEditorFlags: 0
  m_IsActive: 1
--- !u!4 &1708004233
Transform:
  m_ObjectHideFlags: 0
  m_CorrespondingSourceObject: {fileID: 0}
  m_PrefabInternal: {fileID: 0}
  m_GameObject: {fileID: 1708004232}
  m_LocalRotation: {x: 0, y: 0, z: 0, w: 1}
  m_LocalPosition: {x: 0, y: 0, z: 0}
  m_LocalScale: {x: 1, y: 1, z: 1}
  m_Children: []
  m_Father: {fileID: 204715004}
  m_RootOrder: 0
  m_LocalEulerAnglesHint: {x: 0, y: 0, z: 0}
--- !u!1 &1841405966 stripped
GameObject:
  m_CorrespondingSourceObject: {fileID: 1639679686377700, guid: a9cd7c5d083d4824db09cbaf45a0bbbb,
    type: 2}
  m_PrefabInternal: {fileID: 1035757753}
--- !u!1001 &1879323406
Prefab:
  m_ObjectHideFlags: 0
  serializedVersion: 2
  m_Modification:
    m_TransformParent: {fileID: 0}
    m_Modifications:
    - target: {fileID: 4035946693089674, guid: 3b2bb4b5f653e7449b45b518a6b6af3e, type: 2}
      propertyPath: m_LocalPosition.x
      value: 63.288994
      objectReference: {fileID: 0}
    - target: {fileID: 4035946693089674, guid: 3b2bb4b5f653e7449b45b518a6b6af3e, type: 2}
      propertyPath: m_LocalPosition.y
      value: 1.2
      objectReference: {fileID: 0}
    - target: {fileID: 4035946693089674, guid: 3b2bb4b5f653e7449b45b518a6b6af3e, type: 2}
      propertyPath: m_LocalPosition.z
      value: 22.76
      objectReference: {fileID: 0}
    - target: {fileID: 4035946693089674, guid: 3b2bb4b5f653e7449b45b518a6b6af3e, type: 2}
      propertyPath: m_LocalRotation.x
      value: 0
      objectReference: {fileID: 0}
    - target: {fileID: 4035946693089674, guid: 3b2bb4b5f653e7449b45b518a6b6af3e, type: 2}
      propertyPath: m_LocalRotation.y
      value: 0
      objectReference: {fileID: 0}
    - target: {fileID: 4035946693089674, guid: 3b2bb4b5f653e7449b45b518a6b6af3e, type: 2}
      propertyPath: m_LocalRotation.z
      value: 0
      objectReference: {fileID: 0}
    - target: {fileID: 4035946693089674, guid: 3b2bb4b5f653e7449b45b518a6b6af3e, type: 2}
      propertyPath: m_LocalRotation.w
      value: 1
      objectReference: {fileID: 0}
    - target: {fileID: 4035946693089674, guid: 3b2bb4b5f653e7449b45b518a6b6af3e, type: 2}
      propertyPath: m_RootOrder
      value: 4
      objectReference: {fileID: 0}
    m_RemovedComponents: []
  m_SourcePrefab: {fileID: 100100000, guid: 3b2bb4b5f653e7449b45b518a6b6af3e, type: 2}
  m_IsPrefabAsset: 0
--- !u!1001 &1907274484
Prefab:
  m_ObjectHideFlags: 0
  serializedVersion: 2
  m_Modification:
    m_TransformParent: {fileID: 0}
    m_Modifications:
    - target: {fileID: 4035946693089674, guid: 3b2bb4b5f653e7449b45b518a6b6af3e, type: 2}
      propertyPath: m_LocalPosition.x
      value: 63.71
      objectReference: {fileID: 0}
    - target: {fileID: 4035946693089674, guid: 3b2bb4b5f653e7449b45b518a6b6af3e, type: 2}
      propertyPath: m_LocalPosition.y
      value: 1.2
      objectReference: {fileID: 0}
    - target: {fileID: 4035946693089674, guid: 3b2bb4b5f653e7449b45b518a6b6af3e, type: 2}
      propertyPath: m_LocalPosition.z
      value: -7.5
      objectReference: {fileID: 0}
    - target: {fileID: 4035946693089674, guid: 3b2bb4b5f653e7449b45b518a6b6af3e, type: 2}
      propertyPath: m_LocalRotation.x
      value: 0
      objectReference: {fileID: 0}
    - target: {fileID: 4035946693089674, guid: 3b2bb4b5f653e7449b45b518a6b6af3e, type: 2}
      propertyPath: m_LocalRotation.y
      value: 0
      objectReference: {fileID: 0}
    - target: {fileID: 4035946693089674, guid: 3b2bb4b5f653e7449b45b518a6b6af3e, type: 2}
      propertyPath: m_LocalRotation.z
      value: 0
      objectReference: {fileID: 0}
    - target: {fileID: 4035946693089674, guid: 3b2bb4b5f653e7449b45b518a6b6af3e, type: 2}
      propertyPath: m_LocalRotation.w
      value: 1
      objectReference: {fileID: 0}
    - target: {fileID: 4035946693089674, guid: 3b2bb4b5f653e7449b45b518a6b6af3e, type: 2}
      propertyPath: m_RootOrder
      value: 6
      objectReference: {fileID: 0}
    - target: {fileID: 1570139388979662, guid: 3b2bb4b5f653e7449b45b518a6b6af3e, type: 2}
      propertyPath: m_Name
      value: HungryBird (1)
      objectReference: {fileID: 0}
    - target: {fileID: 0}
      propertyPath: m_Materials.Array.data[0]
      value: 
      objectReference: {fileID: 2100000, guid: 876258df3e1069340a2d0177961c0b72, type: 2}
    - target: {fileID: 0}
      propertyPath: m_CookingOptions
      value: -1
      objectReference: {fileID: 0}
    - target: {fileID: 4035946693089674, guid: 3b2bb4b5f653e7449b45b518a6b6af3e, type: 2}
      propertyPath: m_LocalScale.x
      value: 4.384
      objectReference: {fileID: 0}
    - target: {fileID: 4035946693089674, guid: 3b2bb4b5f653e7449b45b518a6b6af3e, type: 2}
      propertyPath: m_LocalScale.y
      value: 4.384
      objectReference: {fileID: 0}
    - target: {fileID: 4035946693089674, guid: 3b2bb4b5f653e7449b45b518a6b6af3e, type: 2}
      propertyPath: m_LocalScale.z
      value: 4.7303243
      objectReference: {fileID: 0}
    - target: {fileID: 23060404977849154, guid: 3b2bb4b5f653e7449b45b518a6b6af3e,
        type: 2}
      propertyPath: m_Materials.Array.data[0]
      value: 
      objectReference: {fileID: 2100000, guid: 876258df3e1069340a2d0177961c0b72, type: 2}
    - target: {fileID: 23060404977849154, guid: 3b2bb4b5f653e7449b45b518a6b6af3e,
        type: 2}
      propertyPath: m_Enabled
      value: 1
      objectReference: {fileID: 0}
    - target: {fileID: 1874209954546044, guid: 3b2bb4b5f653e7449b45b518a6b6af3e, type: 2}
      propertyPath: m_IsActive
      value: 1
      objectReference: {fileID: 0}
    - target: {fileID: 23742068485696106, guid: 3b2bb4b5f653e7449b45b518a6b6af3e,
        type: 2}
      propertyPath: m_Materials.Array.data[0]
      value: 
      objectReference: {fileID: 2100000, guid: 4b399a0125dc7694885d779015bad12c, type: 2}
    - target: {fileID: 23483721766098222, guid: 3b2bb4b5f653e7449b45b518a6b6af3e,
        type: 2}
      propertyPath: m_Materials.Array.data[0]
      value: 
      objectReference: {fileID: 2100000, guid: 4b399a0125dc7694885d779015bad12c, type: 2}
    m_RemovedComponents: []
  m_SourcePrefab: {fileID: 100100000, guid: 3b2bb4b5f653e7449b45b518a6b6af3e, type: 2}
  m_IsPrefabAsset: 0
--- !u!114 &1907274485 stripped
MonoBehaviour:
  m_CorrespondingSourceObject: {fileID: 114892956038269230, guid: 3b2bb4b5f653e7449b45b518a6b6af3e,
    type: 2}
  m_PrefabInternal: {fileID: 1907274484}
  m_Script: {fileID: 11500000, guid: 04347d27aff1f4845b955c9bac13faa3, type: 3}
--- !u!1 &1907274486 stripped
GameObject:
  m_CorrespondingSourceObject: {fileID: 1759438547750792, guid: 3b2bb4b5f653e7449b45b518a6b6af3e,
    type: 2}
  m_PrefabInternal: {fileID: 1907274484}
--- !u!1 &1907274487 stripped
GameObject:
  m_CorrespondingSourceObject: {fileID: 1757685656792852, guid: 3b2bb4b5f653e7449b45b518a6b6af3e,
    type: 2}
  m_PrefabInternal: {fileID: 1907274484}
--- !u!1 &1907274488 stripped
GameObject:
  m_CorrespondingSourceObject: {fileID: 1874209954546044, guid: 3b2bb4b5f653e7449b45b518a6b6af3e,
    type: 2}
  m_PrefabInternal: {fileID: 1907274484}
--- !u!1 &1913025571
GameObject:
  m_ObjectHideFlags: 0
  m_CorrespondingSourceObject: {fileID: 0}
  m_PrefabInternal: {fileID: 0}
  serializedVersion: 6
  m_Component:
  - component: {fileID: 1913025574}
  - component: {fileID: 1913025573}
  - component: {fileID: 1913025572}
  m_Layer: 0
  m_Name: BumpTheFuckUp_Red
  m_TagString: Untagged
  m_Icon: {fileID: 0}
  m_NavMeshLayer: 0
  m_StaticEditorFlags: 0
  m_IsActive: 1
--- !u!114 &1913025572
MonoBehaviour:
  m_ObjectHideFlags: 0
  m_CorrespondingSourceObject: {fileID: 0}
  m_PrefabInternal: {fileID: 0}
  m_GameObject: {fileID: 1913025571}
  m_Enabled: 1
  m_EditorHideFlags: 0
  m_Script: {fileID: 11500000, guid: bb59231e62b5dc843999bd80c9712f24, type: 3}
  m_Name: 
  m_EditorClassIdentifier: 
  torqueMax: 100
  upForce: 10
  timeToMove: 1
  foodType: 0
  pointsToLoseWhenMissType: 20
  popUp: {fileID: 1004776455517962, guid: 2345ff9753991dc44b6faff428197f7f, type: 2}
  color: {r: 1, g: 0, b: 0, a: 1}
  birdsChildren:
  - {fileID: 1907274488}
  - {fileID: 1907274487}
  - {fileID: 1907274486}
  currentContainer: {fileID: 1907274485}
  transformationParticles: {fileID: 1965343156803978, guid: aa8d6482d70a23445b4b2a928ed1b845,
    type: 2}
  particleScale: {x: 20, y: 20, z: 20}
--- !u!65 &1913025573
BoxCollider:
  m_ObjectHideFlags: 0
  m_CorrespondingSourceObject: {fileID: 0}
  m_PrefabInternal: {fileID: 0}
  m_GameObject: {fileID: 1913025571}
  m_Material: {fileID: 0}
  m_IsTrigger: 1
  m_Enabled: 1
  serializedVersion: 2
  m_Size: {x: 1, y: 1, z: 1}
  m_Center: {x: 0, y: 0, z: 0}
--- !u!4 &1913025574
Transform:
  m_ObjectHideFlags: 0
  m_CorrespondingSourceObject: {fileID: 0}
  m_PrefabInternal: {fileID: 0}
  m_GameObject: {fileID: 1913025571}
  m_LocalRotation: {x: 0, y: 0, z: 0, w: 1}
  m_LocalPosition: {x: 64.78, y: 19.050003, z: -7.1}
  m_LocalScale: {x: 2.9033716, y: 46.47, z: 29.230875}
  m_Children:
  - {fileID: 299737916}
  m_Father: {fileID: 0}
  m_RootOrder: 11
  m_LocalEulerAnglesHint: {x: 0, y: 0, z: 0}
--- !u!1 &1944148352
GameObject:
  m_ObjectHideFlags: 0
  m_CorrespondingSourceObject: {fileID: 100010, guid: 34d1e98fa911c7c47a7f318e1d74f6ee,
    type: 3}
  m_PrefabInternal: {fileID: 0}
  serializedVersion: 6
  m_Component:
  - component: {fileID: 1944148353}
  m_Layer: 0
  m_Name: transform2
  m_TagString: Untagged
  m_Icon: {fileID: 0}
  m_NavMeshLayer: 0
  m_StaticEditorFlags: 0
  m_IsActive: 1
--- !u!4 &1944148353
Transform:
  m_ObjectHideFlags: 0
  m_CorrespondingSourceObject: {fileID: 400010, guid: 34d1e98fa911c7c47a7f318e1d74f6ee,
    type: 3}
  m_PrefabInternal: {fileID: 0}
  m_GameObject: {fileID: 1944148352}
  m_LocalRotation: {x: 0, y: -0, z: -0, w: 1}
  m_LocalPosition: {x: -0, y: 0, z: 0}
  m_LocalScale: {x: 1, y: 1, z: 1}
  m_Children: []
  m_Father: {fileID: 696370028}
  m_RootOrder: 0
  m_LocalEulerAnglesHint: {x: 0, y: 0, z: 0}
--- !u!1 &1986922898
GameObject:
  m_ObjectHideFlags: 0
  m_CorrespondingSourceObject: {fileID: 0}
  m_PrefabInternal: {fileID: 0}
  serializedVersion: 6
  m_Component:
  - component: {fileID: 1986922902}
  - component: {fileID: 1986922901}
  - component: {fileID: 1986922900}
  - component: {fileID: 1986922899}
  m_Layer: 0
  m_Name: Plane (4)
  m_TagString: Untagged
  m_Icon: {fileID: 0}
  m_NavMeshLayer: 0
  m_StaticEditorFlags: 0
  m_IsActive: 1
--- !u!64 &1986922899
MeshCollider:
  m_ObjectHideFlags: 0
  m_CorrespondingSourceObject: {fileID: 0}
  m_PrefabInternal: {fileID: 0}
  m_GameObject: {fileID: 1986922898}
  m_Material: {fileID: 0}
  m_IsTrigger: 0
  m_Enabled: 1
  serializedVersion: 3
  m_Convex: 0
  m_CookingOptions: 14
  m_SkinWidth: 0.01
  m_Mesh: {fileID: 10209, guid: 0000000000000000e000000000000000, type: 0}
--- !u!23 &1986922900
MeshRenderer:
  m_ObjectHideFlags: 0
  m_CorrespondingSourceObject: {fileID: 0}
  m_PrefabInternal: {fileID: 0}
  m_GameObject: {fileID: 1986922898}
  m_Enabled: 0
  m_CastShadows: 1
  m_ReceiveShadows: 1
  m_DynamicOccludee: 1
  m_MotionVectors: 1
  m_LightProbeUsage: 1
  m_ReflectionProbeUsage: 1
  m_RenderingLayerMask: 4294967295
  m_Materials:
  - {fileID: 10303, guid: 0000000000000000f000000000000000, type: 0}
  m_StaticBatchInfo:
    firstSubMesh: 0
    subMeshCount: 0
  m_StaticBatchRoot: {fileID: 0}
  m_ProbeAnchor: {fileID: 0}
  m_LightProbeVolumeOverride: {fileID: 0}
  m_ScaleInLightmap: 1
  m_PreserveUVs: 0
  m_IgnoreNormalsForChartDetection: 0
  m_ImportantGI: 0
  m_StitchLightmapSeams: 0
  m_SelectedEditorRenderState: 3
  m_MinimumChartSize: 4
  m_AutoUVMaxDistance: 0.5
  m_AutoUVMaxAngle: 89
  m_LightmapParameters: {fileID: 0}
  m_SortingLayerID: 0
  m_SortingLayer: 0
  m_SortingOrder: 0
--- !u!33 &1986922901
MeshFilter:
  m_ObjectHideFlags: 0
  m_CorrespondingSourceObject: {fileID: 0}
  m_PrefabInternal: {fileID: 0}
  m_GameObject: {fileID: 1986922898}
  m_Mesh: {fileID: 10209, guid: 0000000000000000e000000000000000, type: 0}
--- !u!4 &1986922902
Transform:
  m_ObjectHideFlags: 0
  m_CorrespondingSourceObject: {fileID: 0}
  m_PrefabInternal: {fileID: 0}
  m_GameObject: {fileID: 1986922898}
  m_LocalRotation: {x: -0, y: -0, z: 0.7071068, w: 0.7071068}
  m_LocalPosition: {x: 14.14, y: 21.05, z: -0.0000031036}
  m_LocalScale: {x: 11.714786, y: 0.19812576, z: 2.9327}
  m_Children:
  - {fileID: 763781246}
  m_Father: {fileID: 1388275743}
  m_RootOrder: 4
  m_LocalEulerAnglesHint: {x: -90.00001, y: 0, z: 90}
--- !u!114 &1998038209 stripped
MonoBehaviour:
  m_CorrespondingSourceObject: {fileID: 114808285749085498, guid: a9cd7c5d083d4824db09cbaf45a0bbbb,
    type: 2}
  m_PrefabInternal: {fileID: 1035757753}
  m_Script: {fileID: -113659843, guid: f70555f144d8491a825f0804e09c671c, type: 3}
--- !u!1 &2003000765
GameObject:
  m_ObjectHideFlags: 0
  m_CorrespondingSourceObject: {fileID: 0}
  m_PrefabInternal: {fileID: 0}
  serializedVersion: 6
  m_Component:
  - component: {fileID: 2003000767}
  - component: {fileID: 2003000766}
  - component: {fileID: 2003000768}
  m_Layer: 0
  m_Name: FoodDrop
  m_TagString: Untagged
  m_Icon: {fileID: 0}
  m_NavMeshLayer: 0
  m_StaticEditorFlags: 0
  m_IsActive: 1
--- !u!65 &2003000766
BoxCollider:
  m_ObjectHideFlags: 0
  m_CorrespondingSourceObject: {fileID: 0}
  m_PrefabInternal: {fileID: 0}
  m_GameObject: {fileID: 2003000765}
  m_Material: {fileID: 0}
  m_IsTrigger: 1
  m_Enabled: 1
  serializedVersion: 2
  m_Size: {x: 1, y: 1, z: 1}
  m_Center: {x: 0, y: 0, z: 0}
--- !u!4 &2003000767
Transform:
  m_ObjectHideFlags: 0
  m_CorrespondingSourceObject: {fileID: 0}
  m_PrefabInternal: {fileID: 0}
  m_GameObject: {fileID: 2003000765}
  m_LocalRotation: {x: 0, y: 0, z: 0, w: 1}
  m_LocalPosition: {x: 13.62, y: 56.03, z: 1}
  m_LocalScale: {x: 34.057472, y: 2.1455, z: 40.583946}
  m_Children: []
  m_Father: {fileID: 0}
  m_RootOrder: 9
  m_LocalEulerAnglesHint: {x: 0, y: 0, z: 0}
--- !u!114 &2003000768
MonoBehaviour:
  m_ObjectHideFlags: 0
  m_CorrespondingSourceObject: {fileID: 0}
  m_PrefabInternal: {fileID: 0}
  m_GameObject: {fileID: 2003000765}
  m_Enabled: 1
  m_EditorHideFlags: 0
  m_Script: {fileID: 11500000, guid: 3fc5c60b2ca436e4db87875cbfc906f2, type: 3}
  m_Name: 
  m_EditorClassIdentifier: 
--- !u!1 &2030278109
GameObject:
  m_ObjectHideFlags: 0
  m_CorrespondingSourceObject: {fileID: 0}
  m_PrefabInternal: {fileID: 0}
  serializedVersion: 6
  m_Component:
  - component: {fileID: 2030278113}
  - component: {fileID: 2030278112}
  - component: {fileID: 2030278111}
  - component: {fileID: 2030278110}
  m_Layer: 0
  m_Name: Plane (1)
  m_TagString: Untagged
  m_Icon: {fileID: 0}
  m_NavMeshLayer: 0
  m_StaticEditorFlags: 0
  m_IsActive: 1
--- !u!64 &2030278110
MeshCollider:
  m_ObjectHideFlags: 0
  m_CorrespondingSourceObject: {fileID: 0}
  m_PrefabInternal: {fileID: 0}
  m_GameObject: {fileID: 2030278109}
  m_Material: {fileID: 0}
  m_IsTrigger: 0
  m_Enabled: 1
  serializedVersion: 3
  m_Convex: 0
  m_CookingOptions: 14
  m_SkinWidth: 0.01
  m_Mesh: {fileID: 10209, guid: 0000000000000000e000000000000000, type: 0}
--- !u!23 &2030278111
MeshRenderer:
  m_ObjectHideFlags: 0
  m_CorrespondingSourceObject: {fileID: 0}
  m_PrefabInternal: {fileID: 0}
  m_GameObject: {fileID: 2030278109}
  m_Enabled: 0
  m_CastShadows: 1
  m_ReceiveShadows: 1
  m_DynamicOccludee: 1
  m_MotionVectors: 1
  m_LightProbeUsage: 1
  m_ReflectionProbeUsage: 1
  m_RenderingLayerMask: 4294967295
  m_Materials:
  - {fileID: 10303, guid: 0000000000000000f000000000000000, type: 0}
  m_StaticBatchInfo:
    firstSubMesh: 0
    subMeshCount: 0
  m_StaticBatchRoot: {fileID: 0}
  m_ProbeAnchor: {fileID: 0}
  m_LightProbeVolumeOverride: {fileID: 0}
  m_ScaleInLightmap: 1
  m_PreserveUVs: 0
  m_IgnoreNormalsForChartDetection: 0
  m_ImportantGI: 0
  m_StitchLightmapSeams: 0
  m_SelectedEditorRenderState: 3
  m_MinimumChartSize: 4
  m_AutoUVMaxDistance: 0.5
  m_AutoUVMaxAngle: 89
  m_LightmapParameters: {fileID: 0}
  m_SortingLayerID: 0
  m_SortingLayer: 0
  m_SortingOrder: 0
--- !u!33 &2030278112
MeshFilter:
  m_ObjectHideFlags: 0
  m_CorrespondingSourceObject: {fileID: 0}
  m_PrefabInternal: {fileID: 0}
  m_GameObject: {fileID: 2030278109}
  m_Mesh: {fileID: 10209, guid: 0000000000000000e000000000000000, type: 0}
--- !u!4 &2030278113
Transform:
  m_ObjectHideFlags: 0
  m_CorrespondingSourceObject: {fileID: 0}
  m_PrefabInternal: {fileID: 0}
  m_GameObject: {fileID: 2030278109}
  m_LocalRotation: {x: -0, y: 0.00000004470348, z: 0.31941172, w: 0.94761604}
  m_LocalPosition: {x: 6.23, y: -10.1, z: -0.000012858}
  m_LocalScale: {x: 4.7957225, y: 1, z: 2.9327}
  m_Children: []
  m_Father: {fileID: 1388275743}
  m_RootOrder: 1
  m_LocalEulerAnglesHint: {x: 0, y: 0, z: 37.255}
